@BOOK{Atlas,
      author =       "Josef Hycl and Lucie Trybučková",
      title =        "{\it Atlas oftalmologie}",
      publisher =    "Triton",
      address =      "Praha",
      edition =      "2",
      year =         "2008",
      isbn =         "978-80-7387-160-4",
}

@BOOK{biofyzika,
      author =       "Barbora Hrvolová",
      title =        "{\it Biofyzika}",
      publisher =    "Vysoká škola báňská - Technická univerzita Ostrava",
      address =      "Ostrava",
      year =         "2013",
      isbn =         "978-80-248-3105-3",
}

@BOOK{anatomie_oka,
      author =       "Květa Kvapilíková",
      title =        "{\it Anatomie a embryologie oka}",
      publisher =    "Institut pro další vzdělávání pracovníků ve zdravotnictví",
      address =      "Brno",
      year =         "2000",
      isbn =         "80-7013-313-9",
}

@MISC{pic_eye_anatomy,
      author=        "WikiSkripta.eu",
      title =        "{\it Schéma lidského oka}",
      year =         "2007",
      note =         "[Online; navštíveno 20.03.2018]",
      url =          "http://www.wikiskripta.eu/w/Soubor:Schematic_diagram_of_the_human_eye_cs.svg"
}

@MISC{pic_retina,
      author=        "Cocky-Kontaktni.cz",
      title =        "{\it Sítnice}",
      year =         "2011",
      note =         "[Online; navštíveno 20.03.2018]",
      url =          "https://www.cocky-kontaktni.cz/globalfiles/ostatni/sitnice.png"
}

@MISC{pic_dir_scope,
      author=        "main-line.co.uk",
      title =        "{\it Přímý oftalmoskop}",
      note =         "[Online; navštíveno 20.03.2018]",
      url =          "https://www.main-line.co.uk/products/neitz-halogen-ophthalmoscope--c-cell-.html"
}

@MISC{pic_indir_scope,
      author=        "WelchAllyn.com",
      title =        "{\it Nepřímý oftalmoskop}",
      note =         "[Online; navštíveno 20.03.2018]",
      url =          "https://www.welchallyn.com/en/products/categories/physical-exam/eye-exam/ophthalmoscopes--binocular-indirect/binocular_indirect_ophthalmoscope.html"
}

@BOOK{pristroje,
      author =       "Pavel Beneš",
      title =        "{\it Přístroje pro optometrii a oftalmologii}",
      publisher =    "Národní centrum ošetřovatelství a nelékařských zdravotnických oborů",
      address =      "Brno",
      year =         "2015",
      isbn =         "978-80-7013-577-8",
}

@MISC{pic_fundus,
      author =       "Nidek-intl.com",
      title =        "{\it Fundus kamera}",
      note =         "[Online; navštíveno 20.03.2018]",
      url =          "http://www.nidek-intl.com/product/ophthaloptom/diagnostic/dia_retina/afc-330.html"
}

@BOOK{vpmd_kolar,
      author =       "Petr Kolář and others",
      title =        "{\it Věkem podmíněná makulární degenerace}",
      publisher =    "Grada",
      address =      "Praha",
      year =         "2008",
      isbn =         "978-80-247-2605-2",
}

@MISC{pic_geo_atrof,
      author =       "MF.cz",
      title =        "{\it Geografická atrofie}",
      note =         "[Online; navštíveno 20.03.2018]",
      url =          "https://img.mf.cz/060/617/b.jpg"
}

@MISC{pic_soft_armd,
      author =       "MF.cz",
      title =        "{\it Vlhká forma s edémem}",
      note =         "[Online; navštíveno 20.03.2018]",
      url =          "https://img.mf.cz/062/617/c.jpg"
}

@BOOK{nemoci,
      author =       "Jiří 	Pašta",
      title =        "{\it Základy očního lékařství}",
      publisher =    "Univerzita Karlova, Nakladatelství Karolinum",
      address =      "Praha",
      year =         "2017",
      isbn =         "978-80-246-2460-0",
}

@BOOK{comp_vision,
      author =       "Linda G. Shapiro and George C. Stockman",
      title =        "{\it Computer Vision}",
      publisher =    "Prentice Hall",
      edition =      "1",
      year =         "2001",
      isbn =         "0130307963",    
}

@MISC{pic_gauss_matrix,
      author =       "DaBler",
      title =        "{\it Gaussova matice}",
      year =         "2008",
      note =         "[Online; navštíveno 18.04.2018]",
      url =          "https://upload.wikimedia.org/wikipedia/commons/5/51/Denoise_-_gaussian_matrix.svg"
}

@MISC{pic_lenna,
      author=        "Dwight Hooker",
      title =        "{\it Well-known Standard Test Image Lenna}",
      year =         "1973",
      note =         "[Online; navštíveno 18.04.2018]",
      url =          "https://upload.wikimedia.org/wikipedia/en/7/7d/Lenna_%28test_image%29.png"
}

@MISC{izg,
      author=        "Přemysl Kršek",
      title =        "{\it Základy počítačové grafiky}",
      year =         "2006",
      school =       "Vysoké učení technické v Brně, Fakulta informačních technologií",
      note =         "[Online; navštíveno 18.04.2018]",
      url =          "https://wis.fit.vutbr.cz/FIT/st/course-files-st.php.cs?file=%2Fcourse%2FIZG-IT%2Ftexts%2Fizg_opora.pdf"
}

@MISC{feec,
      author=        "Karel Horák",
      title =        "{\it Zpracování vícerozměrných signálů}",
      year =         "2009",
      school =       "Vysoké učení technické v Brně, Fakulta elektrotechniky a komunikačních technologií",
      note =         "[Online; navštíveno 18.04.2018]",
      url =          "http://midas.uamt.feec.vutbr.cz/ZVS/Exercise10/content_cz.php"
}

@MISC{img_moments,
      author=        "Forderud",
      title =        "{\it Image Moments}",
      year =         "2005",
      note =         "[Online; navštíveno 18.04.2018]",
      url =          "https://en.wikipedia.org/wiki/Image_moment"
}

@ARTICLE{optic_disc,
      author=        "Veena Raj and Vidya Devi",
      title =        "{\it Retinal Image Analysis Using Fovea Detection using Unsymmetrical Trimmed Median Filter}",
      journal =      "International Journal of Engineering and Innovative Technology (IJEIT)",
      volume =       "3",
      year =         "2013",
      url =          "http://www.ijeit.com/Vol%203/Issue%203/IJEIT1412201309_41.pdf",
      ISSN =         "2277-3754"
}

@MISC{db_adcis,
      author=        "E. Decencičre",
      title =        "{\it TeleOphta: Machine learning and image processing methods for teleophthalmology}",
      year =         "2013",
      note =         "[Online; navštíveno 23.04.2018]",
      url =          "http://www.adcis.net/en/Download-Third-Party/E-Ophtha.html"
}

@MISC{db_fire,
      author=        "C. Hernandez-Matas and X. Zabulis and others",
      title =        "{\it FIRE: Fundus Image Registration Dataset}",
      year =         "2017",
      note =         "[Online; navštíveno 23.04.2018]",
      url =          "http://www.ics.forth.gr/cvrl/fire/"
}

@MISC{db_hrf,
      author=        "Attila Budai and Rüdiger Bock and others",
      title =        "{\it High-Resolution Fundus Image Database}",
      year =         "2013",
      note =         "[Online; navštíveno 23.04.2018]",
      url =          "https://www5.cs.fau.de/research/data/fundus-images/"
}

@MISC{db_diaret0,
      author=        "Tomi Kauppi and Valentina Kalesnykiene and others",
      title =        "{\it DIARETDB0: Standard Diabetic Retinopathy Database}",
      year =         "2006",
      note =         "[Online; navštíveno 23.04.2018]",
      url =          "http://www.it.lut.fi/project/imageret/diaretdb0/"
}

@MISC{db_diaret1,
      author=        "Tomi Kauppi and Valentina Kalesnykiene and others",
      title =        "{\it DIARETDB1: Standard Diabetic Retinopathy Database}",
      year =         "2007",
      note =         "[Online; navštíveno 23.04.2018]",
      url =          "http://www.it.lut.fi/project/imageret/diaretdb1/"
}