@Book{Rihosek:Webova_grafika,
author = "Říhošek, Tomáš",
title = "Webová grafika",
pages = "8--9",
edition = "2",
year = "2002",
publisher = "Computer Press",
address = "Praha, Česká republika",
isbn = "80--7226--765--5",
}

@Book{Bringhurst:The_Elements_of_Typographic_Style,
author = "Bringhurst, Robert",
title = "The Elements of Typographic Style",
pages = "56-59",
edition = "3",
year = "2004",
publisher = "Hartley and Marks Publishers",
address = "Dublin, Irsko",
isbn = " 0--88179--205--5",
}

@Misc{Rutter:WebTypography,
author = "Rutter, Richard",
title = "The Elements of Typographic Style Applied to the Web",
howpublished = "online",
revised = "Poslední modifikace 20. listopadu 2015",
cited = "!2016-04-18",
url = "http://webtypography.net/intro/",
}

@Misc{Wiki:Typography,
author = "Wikipedia",
title = "Typography",
howpublished = "online",
revised = "Poslední modifikace 13. dubna 2016",
cited = "!2016-04-18",
url = "https://en.wikipedia.org/wiki/Typography",
}

@Misc{Martinek:LaTeX,
author = "Martinek, David",
title = "{{\LaTeX}}ové speciality",
howpublished = "online",
revised = "Poslední modifikace 25. února 2010",
cited = "!2016-04-18",
url = "http://www.fit.vutbr.cz/{{\verb|~|}}martinek/latex/index.html",
}

@Article{CA:Typography_in_Branding,
author = "Spiekermann, Erik",
title = "Typography in Branding",
journal = "Computer Arts",
year = "2015",
number = "242",
pages = "8--9",
publisher = "Future Music",
issn = "74470--92013",
}

@Article{CA:Future_of_typography,
author = "Shaugnessy, Adrian",
title = "Future of Typography",
journal = "Computer Arts",
year = "2015",
number = "242",
pages = "19--20",
publisher = "Future Music",
issn = "74470--92013",
}

@BachelorThesis{Pysny:BiBTeX,
author = "Pyšný, Radek",
title = "BiBTeX styl pro ČSN ISO 690 a ČSN ISO 690--2",
school = "VUT FIT v~Brně",
address = "Brno",
year = "2009",
}

@MasterThesis{Jiricek:Font,
author = "Jiříček, Milan",
title = "Živý font",
school = "VUT FEKT v~Brně",
address = "Brno",
year = "2012",
}

@InProceedings{Navratilova:Strojova_civilizace,
author = "Navrátilová, Petra",
title = "Budoucnost strojové civilizace",
booktitle = "Sborník příspěvků ze sympozia, konaného dne 18. června 2014 v Barokní aule Rektorátu Vysokého učení technického v Brně",
address = "Brno",
publisher = "VUT v Brně, Institut celoživotního vzdělávání",
year = "2014",
isbn = "978--80--214--5087--5",
}